@article{HollowHeapsIntro,
  author    = {Thomas Dueholm Hansen and
               Haim Kaplan and
               Robert E. Tarjan and
               Uri Zwick},
  title     = {Hollow Heaps},
  journal   = {CoRR},
  volume    = {abs/1510.06535},
  year      = {2015},
  url       = {http://arxiv.org/abs/1510.06535},
  archivePrefix = {arXiv},
  eprint    = {1510.06535},
  timestamp = {Mon, 13 Aug 2018 16:48:32 +0200},
  biburl    = {https://dblp.org/rec/bib/journals/corr/HansenKTZ15},
  bibsource = {dblp computer science bibliography, https://dblp.org}
}

@article{EmpiricalStudy,
  author    = {Daniel H. Larkin and
               Siddhartha Sen and
               Robert Endre Tarjan},
  title     = {A Back-to-Basics Empirical Study of Priority Queues},
  journal   = {CoRR},
  volume    = {abs/1403.0252},
  year      = {2014},
  url       = {http://arxiv.org/abs/1403.0252},
  archivePrefix = {arXiv},
  eprint    = {1403.0252},
  timestamp = {Mon, 13 Aug 2018 16:48:53 +0200},
  biburl    = {https://dblp.org/rec/bib/journals/corr/LarkinST14},
  bibsource = {dblp computer science bibliography, https://dblp.org}
}

@article{FibHeapsRevisited,
  author    = {Haim Kaplan and
               Robert Endre Tarjan and
               Uri Zwick},
  title     = {Fibonacci Heaps Revisited},
  journal   = {CoRR},
  volume    = {abs/1407.5750},
  year      = {2014},
  url       = {http://arxiv.org/abs/1407.5750},
  archivePrefix = {arXiv},
  eprint    = {1407.5750},
  timestamp = {Mon, 13 Aug 2018 16:49:15 +0200},
  biburl    = {https://dblp.org/rec/bib/journals/corr/KaplanTZ14},
  bibsource = {dblp computer science bibliography, https://dblp.org}
}

@article{RankPairingHeapsSingleRoot,
  author    = {Dani Dorfman and
               Haim Kaplan and
               L{\'{a}}szl{\'{o}} Kozma and
               Uri Zwick},
  title     = {Pairing heaps: the forward variant},
  journal   = {CoRR},
  volume    = {abs/1709.01152},
  year      = {2017},
  url       = {http://arxiv.org/abs/1709.01152},
  archivePrefix = {arXiv},
  eprint    = {1709.01152},
  timestamp = {Mon, 13 Aug 2018 16:48:21 +0200},
  biburl    = {https://dblp.org/rec/bib/journals/corr/abs-1709-01152},
  bibsource = {dblp computer science bibliography, https://dblp.org}
}

@article{waybackMachine,
  author    = {Thomas Dueholm Hansen and
               Haim Kaplan and
               Robert E. Tarjan and
               Uri Zwick},
  title     = {Hollow Heap Slides},
  year      = {2016},
  url       = {http://web.archive.org/web/20160826000920/http://cs.au.dk/~tdh/slides/hollow.pdf},
  timestamp = {Mon, 26 Aug 2016 10:43:30 +0200},
  bibsource = {Aarhus University, /cs.au.dk}
}